@article{sadangharn2022acceptance,
  title={Acceptance of robots as co-workers: Hotel employeesâ€™ perspective},
  author={Sadangharn, Pornrat},
  journal={International Journal of Engineering Business Management},
  volume={14},
  pages={18479790221113621},
  year={2022},
  publisher={SAGE Publications Sage UK: London, England}
}
@book{siegwart2011introduction,
  title={Introduction to autonomous mobile robots},
  author={Siegwart, Roland and Nourbakhsh, Illah Reza and Scaramuzza, Davide},
  year={2011},
  publisher={MIT press}
}
@article{rubio2019review,
  title={A review of mobile robots: Concepts, methods, theoretical framework, and applications},
  author={Rubio, Francisco and Valero, Francisco and Llopis-Albert, Carlos},
  journal={International Journal of Advanced Robotic Systems},
  volume={16},
  number={2},
  pages={1729881419839596},
  year={2019},
  publisher={SAGE Publications Sage UK: London, England}
}

@article{rebaza2007deteccion,
  title={Detecci{\'o}n de bordes mediante el algoritmo de Canny},
  author={Rebaza, Jorge Valverde},
  journal={Escuela Acad{\'e}mico Profesional di Inform{\'a}tica. Universidad Nacional de Trujillo},
  volume={4},
  year={2007}
}